@article{angrist1995identification,
  title={Identification and estimation of local average treatment effects},
  author={Angrist, Joshua and Imbens, Guido},
  year={1995},
  publisher={National Bureau of Economic Research Cambridge, Mass., USA}
}

@book{hansen2009econometrics,
  title={Econometrics},
  author={Hansen, Bruce E},
  year={2009}
}
@article{angrist1995two,
  title={Two-stage least squares estimation of average causal effects in models with variable treatment intensity},
  author={Angrist, Joshua D and Imbens, Guido W},
  journal={Journal of the American statistical Association},
  volume={90},
  number={430},
  pages={431--442},
  year={1995},
  publisher={Taylor \& Francis}
}

% Encoding: UTF-8
@article{estache2010bidder,
  title={Bidder asymmetry in infrastructure procurement: Are there any fringe bidders?},
  author={Estache, Antonio and Iimi, Atsushi},
  journal={Review of Industrial Organization},
  volume={36},
  number={2},
  pages={163--187},
  year={2010},
  publisher={Springer}
}

@article{lee2004voters,
  title={Do voters affect or elect policies? Evidence from the US House},
  author={Lee, David S and Moretti, Enrico and Butler, Matthew J},
  journal={The Quarterly Journal of Economics},
  volume={119},
  number={3},
  pages={807--859},
  year={2004},
  publisher={MIT Press}
}

@article{fudenberg1983learning,
  title={Learning-by-doing and market performance},
  author={Fudenberg, Drew and Tirole, Jean},
  journal={The Bell Journal of Economics},
  pages={522--530},
  year={1983},
  publisher={JSTOR}
}

@article{dasgupta1988learning,
  title={Learning-by-doing, market structure and industrial and trade policies},
  author={Dasgupta, Partha and Stiglitz, Joseph},
  journal={Oxford Economic Papers},
  volume={40},
  number={2},
  pages={246--268},
  year={1988},
  publisher={JSTOR}
}

@article{li2012construction,
  title={Construction procurement auctions: Do entrant bidders employ more aggressive strategies than incumbent bidders?},
  author={Li, Sheng and Philips, Peter},
  journal={Review of Industrial Organization},
  volume={40},
  number={3},
  pages={191--205},
  year={2012},
  publisher={Springer}
}

@article{fu2002effect,
  title={The effect of experience on contractors' competitiveness in recurrent bidding},
  author={Fu, WK and Drew, Derek S and Lo, HP},
  journal={Construction Management \& Economics},
  volume={20},
  number={8},
  pages={655--666},
  year={2002},
  publisher={Taylor \& Francis}
}

@article{bajari2014bidding,
  title={Bidding for incomplete contracts: An empirical analysis of adaptation costs},
  author={Bajari, Patrick and Houghton, Stephanie and Tadelis, Steven},
  journal={American Economic Review},
  volume={104},
  number={4},
  pages={1288--1319},
  year={2014}
}
@Article{estache2010bidder,
  author    = {Estache, Antonio and Iimi, Atsushi},
  title     = {Bidder asymmetry in infrastructure procurement: Are there any fringe bidders?},
  journal   = {Review of Industrial Organization},
  year      = {2010},
  volume    = {36},
  number    = {2},
  pages     = {163--187},
  publisher = {Springer},
}

@Article{fedderke2009industry,
  author    = {Fedderke, Johannes and Szalontai, Gabor},
  title     = {Industry concentration in South African manufacturing industry: Trends and consequences, 1972--96},
  journal   = {Economic Modelling},
  year      = {2009},
  volume    = {26},
  number    = {1},
  pages     = {241--250},
  publisher = {Elsevier},
}

@Book{estache2008procurement,
  title     = {Procurement efficiency for infrastructure development and financial needs reassessed},
  publisher = {The World Bank},
  year      = {2008},
  author    = {Estache, Antonio and Iimi, Atsushi},
}

@Book{de2010modern,
  title     = {Modern construction economics: theory and application},
  publisher = {Routledge},
  year      = {2010},
  author    = {De Valence, Gerard},
}

@Book{ive2000economics,
  title     = {The economics of the modern construction sector},
  publisher = {Springer},
  year      = {2000},
  author    = {Ive, Graham and Gruneberg, S},
}

@Article{benitez2005concentrated,
  author  = {Benitez, Daniel and Estache, A},
  title   = {How concentrated are infrastructure markets},
  journal = {Review of Network Economies},
  year    = {2005},
  volume  = {4},
  number  = {3},
  pages   = {220--242},
}

@Article{ye2014discriminant,
  author    = {Ye, Kunhui and Shen, Liyin and Lu, Weisheng},
  title     = {A discriminant model for measuring competition intensity of construction market},
  journal   = {Engineering, Construction and Architectural Management},
  year      = {2014},
  publisher = {Emerald Group Publishing Limited},
}

@Article{Estache2010,
  author    = {Estache, Antonio and Iimi, Atsushi},
  title     = {Bidder asymmetry in infrastructure procurement: Are there any fringe bidders?},
  journal   = {Review of Industrial Organization},
  year      = {2010},
  volume    = {36},
  number    = {2},
  pages     = {163--187},
  publisher = {Springer},
}

@Article{bo2012investigation,
  author    = {Bo, Xia and Chan, Albert PC},
  title     = {Investigation of barriers to entry into the design-build market in the People’s Republic of China},
  journal   = {Journal of construction engineering and management},
  year      = {2012},
  volume    = {138},
  number    = {1},
  pages     = {120--127},
  publisher = {American Society of Civil Engineers},
}

@Article{beck2011barriers,
  author  = {Beck, Arne},
  title   = {Barriers to entry in rail passenger services: empirical evidence for tendering procedures in Germany},
  journal = {European Journal of Transport and Infrastructure Research},
  year    = {2011},
  volume  = {11},
  number  = {1},
}

@Article{hanak2015impact,
  author    = {Han{\'a}k, Tom{\'a}{\v{s}} and Muchov{\'a}, Petra},
  title     = {Impact of competition on prices in public sector procurement},
  journal   = {Procedia Computer Science},
  year      = {2015},
  volume    = {64},
  pages     = {729--735},
  publisher = {Elsevier},
}

@Article{janke2016effect,
  author    = {Janke, Frantisek and Packova, Packova and others},
  title     = {Effect of competition among suppliers on public procurement efficiency},
  journal   = {Економічний часопис-ХХІ},
  year      = {2016},
  number    = {159},
  pages     = {38--43},
  publisher = {Інститут суспільної трансформації, Національна академія наук України},
}

@Article{de2003empirical,
  author    = {De Silva, Dakshina G and Dunne, Timothy and Kosmopoulou, Georgia},
  title     = {An empirical analysis of entrant and incumbent bidding in road construction auctions},
  journal   = {The Journal of Industrial Economics},
  year      = {2003},
  volume    = {51},
  number    = {3},
  pages     = {295--316},
  publisher = {Wiley Online Library},
}

@Article{Bo2012,
  author    = {Bo, Xia and Chan, Albert PC},
  title     = {Investigation of barriers to entry into the design-build market in the People’s Republic of China},
  journal   = {Journal of construction engineering and management},
  year      = {2012},
  volume    = {138},
  number    = {1},
  pages     = {120--127},
  publisher = {American Society of Civil Engineers},
}

@Article{gupta2002competition,
  author    = {Gupta, Srabana},
  title     = {Competition and collusion in a government procurement auction market},
  journal   = {Atlantic economic journal},
  year      = {2002},
  volume    = {30},
  number    = {1},
  pages     = {13--25},
  publisher = {Springer},
}

@Article{li2009entry,
  author    = {Li, Tong and Zheng, Xiaoyong},
  title     = {Entry and competition effects in first-price auctions: theory and evidence from procurement auctions},
  journal   = {The Review of Economic Studies},
  year      = {2009},
  volume    = {76},
  number    = {4},
  pages     = {1397--1429},
  publisher = {Wiley-Blackwell},
}

@InProceedings{oo2018procurement,
  author    = {Oo, BL and Yan, Y},
  title     = {Procurement of construction services: a case study on bidding competition in Singapore public sector contracts},
  booktitle = {IOP Conference Series: Earth and Environmental Science},
  year      = {2018},
  volume    = {140},
  pages     = {12113},
}

@Article{milgrom1982theory,
  author    = {Milgrom, Paul R and Weber, Robert J},
  title     = {A theory of auctions and competitive bidding},
  journal   = {Econometrica: Journal of the Econometric Society},
  year      = {1982},
  pages     = {1089--1122},
  publisher = {JSTOR},
}

@Article{doree2004collusion,
  author    = {Dor{\'e}e, Andr{\'e} G},
  title     = {Collusion in the Dutch construction industry: an industrial organization perspective},
  journal   = {Building research \& information},
  year      = {2004},
  volume    = {32},
  number    = {2},
  pages     = {146--156},
  publisher = {Taylor \& Francis},
}
@article{decarolis2014awarding,
  title={Awarding price, contract performance, and bids screening: Evidence from procurement auctions},
  author={Decarolis, Francesco},
  journal={American Economic Journal: Applied Economics},
  volume={6},
  number={1},
  pages={108--32},
  year={2014}
}

@article{li2012construction,
  title={Construction procurement auctions: Do entrant bidders employ more aggressive strategies than incumbent bidders?},
  author={Li, Sheng and Philips, Peter},
  journal={Review of Industrial Organization},
  volume={40},
  number={3},
  pages={191--205},
  year={2012},
  publisher={Springer}
}

@article{fu2002effect,
  title={The effect of experience on contractors' competitiveness in recurrent bidding},
  author={Fu, WK and Drew, Derek S and Lo, HP},
  journal={Construction Management \& Economics},
  volume={20},
  number={8},
  pages={655--666},
  year={2002},
  publisher={Taylor \& Francis}
}
@Comment{jabref-meta: databaseType:bibtex;}
